<?xml version="1.0" encoding="UTF-8"?><record xmlns="http://www.loc.gov/MARC21/slim" xmlns:cinclude="http://apache.org/cocoon/include/1.0" xmlns:zs="http://www.loc.gov/zing/srw/">
  <leader>01454cz  a2200325n  4500</leader>
  <controlfield tag="001">n  42025293 </controlfield>
  <controlfield tag="003">DLC</controlfield>
  <controlfield tag="005">20081224075159.0</controlfield>
  <controlfield tag="008">830401n| acaaaaaan          |a ana      </controlfield>
  <datafield tag="010" ind1=" " ind2=" ">
    <subfield code="a">n  42025293 </subfield>
  </datafield>
  <datafield tag="022" ind1=" " ind2=" ">
    <subfield code="a">0375-8419</subfield>
  </datafield>
  <datafield tag="035" ind1=" " ind2=" ">
    <subfield code="a">(OCoLC)oca00023594</subfield>
  </datafield>
  <datafield tag="040" ind1=" " ind2=" ">
    <subfield code="a">DLC</subfield>
    <subfield code="b">eng</subfield>
    <subfield code="c">DLC</subfield>
    <subfield code="d">DLC</subfield>
    <subfield code="d">OCoLC</subfield>
  </datafield>
  <datafield tag="050" ind1=" " ind2=" ">
    <subfield code="a">GC1</subfield>
    <subfield code="b">.A4</subfield>
  </datafield>
  <datafield tag="130" ind1=" " ind2="0">
    <subfield code="a">Trudy Instituta okeanologii im. P.P. Shirshova</subfield>
  </datafield>
  <datafield tag="410" ind1="2" ind2=" ">
    <subfield code="w">nnaa</subfield>
    <subfield code="a">Akademii︠a︡ nauk SSSR.</subfield>
    <subfield code="b">Institut okeanologii.</subfield>
    <subfield code="t">Trudy</subfield>
  </datafield>
  <datafield tag="410" ind1="2" ind2=" ">
    <subfield code="a">Institut okeanologii im. P.P. Shirshova.</subfield>
    <subfield code="t">Trudy Instituta okeanologii im. P.P. Shirshova</subfield>
  </datafield>
  <datafield tag="430" ind1=" " ind2="0">
    <subfield code="a">Transactions of the P.P. Shirshov Institute of Oceanology</subfield>
  </datafield>
  <datafield tag="430" ind1=" " ind2="0">
    <subfield code="a">Transactions of the Institute of Oceanology</subfield>
  </datafield>
  <datafield tag="410" ind1="2" ind2=" ">
    <subfield code="a">Institut okeanologii im. P.P. Shirshova.</subfield>
    <subfield code="t">Transactions of the Institute of Oceanology</subfield>
  </datafield>
  <datafield tag="430" ind1=" " ind2="0">
    <subfield code="a">Proceeding of the P.P. Shirshov Institute of Oceanology</subfield>
  </datafield>
  <datafield tag="642" ind1=" " ind2=" ">
    <subfield code="a">t. 115</subfield>
    <subfield code="5">DLC</subfield>
  </datafield>
  <datafield tag="643" ind1=" " ind2=" ">
    <subfield code="a">Moskva</subfield>
    <subfield code="b">"Nauka"</subfield>
  </datafield>
  <datafield tag="644" ind1=" " ind2=" ">
    <subfield code="a">f</subfield>
    <subfield code="5">DLC</subfield>
  </datafield>
  <datafield tag="645" ind1=" " ind2=" ">
    <subfield code="a">t</subfield>
    <subfield code="5">DLC</subfield>
  </datafield>
  <datafield tag="646" ind1=" " ind2=" ">
    <subfield code="a">c</subfield>
    <subfield code="5">DLC</subfield>
  </datafield>
  <datafield tag="667" ind1=" " ind2=" ">
    <subfield code="a">Issues in English have title: Transactions of the Institute of Oceanology</subfield>
  </datafield>
  <datafield tag="670" ind1=" " ind2=" ">
    <subfield code="a">Glubokovod. don. fauna Tikhogo okeana. 1981.</subfield>
  </datafield>
  <datafield tag="670" ind1=" " ind2=" ">
    <subfield code="a">LC data base, 9-26-85 Chemistry of sea water, 1966:</subfield>
    <subfield code="b">(Transactions of the Institute of Oceanology)</subfield>
  </datafield>
  <datafield tag="670" ind1=" " ind2=" ">
    <subfield code="a">Ikhtioplankton i ego znachenie dli︠a︡ ... 1986:</subfield>
    <subfield code="b">t.p. (Trudy Instituta okeanologii im. P.P. Shirshova) p. opposing t.p. (Proceeding of the P.P. Shirshov Institute of Oceanology)</subfield>
  </datafield>
</record>